@article{scikit-learn,
 title={Scikit-learn: Machine Learning in {P}ython},
 author={Pedregosa, F. and Varoquaux, G. and Gramfort, A. and Michel, V.
         and Thirion, B. and Grisel, O. and Blondel, M. and Prettenhofer, P.
         and Weiss, R. and Dubourg, V. and Vanderplas, J. and Passos, A. and
         Cournapeau, D. and Brucher, M. and Perrot, M. and Duchesnay, E.},
 journal={Journal of Machine Learning Research},
 volume={12},
 pages={2825--2830},
 year={2011}
}

@Article{QIIME2_feature_classifier,
author="Bokulich, Nicholas A.
and Kaehler, Benjamin D.
and Rideout, Jai Ram
and Dillon, Matthew
and Bolyen, Evan
and Knight, Rob
and Huttley, Gavin A.
and Gregory Caporaso, J.",
title="Optimizing taxonomic classification of marker-gene amplicon sequences
with QIIME 2's q2-feature-classifier plugin",
journal="Microbiome",
year="2018",
month="May",
day="17",
volume="6",
number="1",
pages="90",
issn="2049-2618",
doi="10.1186/s40168-018-0470-z",
url="https://doi.org/10.1186/s40168-018-0470-z"
}

@article {QIIME2_sample_classifier,
 author = {Bokulich, Nicholas A. and Dillon, Matthew and Bolyen, Evan and
 Kaehler, Benjamin D. and Huttley, Gavin A. and Caporaso, J. Gregory},
 title = {q2-sample-classifier: machine-learning tools for microbiome
 classification and regression},
 elocation-id = {306167},
 year = {2018},
 doi = {10.1101/306167},
 publisher = {Cold Spring Harbor Laboratory},
 URL = {https://www.biorxiv.org/content/early/2018/11/28/306167},
 eprint =
 {https://www.biorxiv.org/content/early/2018/11/28/306167.full.pdf},
 journal = {bioRxiv}
}


@article{QIIME2,
 title = {QIIME 2: Reproducible, interactive, scalable, and extensible microbiome data science},
 author = {Bolyen, Evan and Rideout, Jai Ram and Dillon, Matthew R and
 Bokulich, Nicholas A and Abnet, Christian and Al-Ghalith, Gabriel A and
 Alexander, Harriet and Alm, Eric J and Arumugam, Manimozhiyan and Asnicar,
 Francesco and Bai, Yang and Bisanz, Jordan E and Bittinger, Kyle and
 Brejnrod, Asker and Brislawn, Colin J and Brown, C Titus and Callahan,
 Benjamin J and Caraballo-Rodríguez, Andrés Mauricio and Chase, John and
 Cope, Emily and Da Silva, Ricardo and Dorrestein, Pieter C and Douglas,
 Gavin M and Durall, Daniel M and Duvallet, Claire and Edwardson, Christian
 F and Ernst, Madeleine and Estaki, Mehrbod and Fouquier, Jennifer and
 Gauglitz, Julia M and Gibson, Deanna L and Gonzalez, Antonio and Gorlick,
 Kestrel and Guo, Jiarong and Hillmann, Benjamin and Holmes, Susan and
 Holste, Hannes and Huttenhower, Curtis and Huttley, Gavin and Janssen,
 Stefan and Jarmusch, Alan K and Jiang, Lingjing and Kaehler, Benjamin and
 Kang, Kyo Bin and Keefe, Christopher R and Keim, Paul and Kelley, Scott T
 and Knights, Dan and Koester, Irina and Kosciolek, Tomasz and Kreps, Jorden
 and Langille, Morgan GI and Lee, Joslynn and Ley, Ruth and Liu, Yong-Xin
 and Loftfield, Erikka and Lozupone, Catherine and Maher, Massoud and
 Marotz, Clarisse and Martin, Bryan D and McDonald, Daniel and McIver,
 Lauren J and Melnik, Alexey V and Metcalf, Jessica L and Morgan, Sydney C
 and Morton, Jamie and Naimey, Ahmad Turan and Navas-Molina, Jose A and
 Nothias, Louis Felix and Orchanian, Stephanie B and Pearson, Talima and
 Peoples, Samuel L and Petras, Daniel and Preuss, Mary Lai and Pruesse,
 Elmar and Rasmussen, Lasse Buur and Rivers, Adam and Robeson, II, Michael S
 and Rosenthal, Patrick and Segata, Nicola and Shaffer, Michael and Shiffer,
 Arron and Sinha, Rashmi and Song, Se Jin and Spear, John R and Swafford,
 Austin D and Thompson, Luke R and Torres, Pedro J and Trinh, Pauline and
 Tripathi, Anupriya and Turnbaugh, Peter J and Ul-Hasan, Sabah and van der
 Hooft, Justin JJ and Vargas, Fernando and Vázquez-Baeza, Yoshiki and
 Vogtmann, Emily and von Hippel, Max and Walters, William and Wan, Yunhu and
 Wang, Mingxun and Warren, Jonathan and Weber, Kyle C and Williamson, Chase
 HD and Willis, Amy D and Xu, Zhenjiang Zech and Zaneveld, Jesse R and
 Zhang, Yilong and Zhu, Qiyun and Knight, Rob and Caporaso, J Gregory},
 year = 2018,
 month = dec,
 keywords = {microbiome, bioinformatics, data science, software, microbial ecology, reproducibility},
 volume = 6,
 pages = {e27295v2},
 journal = {PeerJ Preprints},
 issn = {2167-9843},
 url = {https://doi.org/10.7287/peerj.preprints.27295v2},
 doi = {10.7287/peerj.preprints.27295v2}
}


@ARTICLE{Neuro_imaging_sklearn,
AUTHOR={Abraham, Alexandre and Pedregosa, Fabian and Eickenberg, Michael and
Gervais, Philippe and Mueller, Andreas and Kossaifi, Jean and Gramfort,
Alexandre and Thirion, Bertrand and Varoquaux, Gael},
TITLE={Machine learning for neuroimaging with scikit-learn},
JOURNAL={Frontiers in Neuroinformatics},
VOLUME={8},
PAGES={14},
YEAR={2014},
URL={https://www.frontiersin.org/article/10.3389/fninf.2014.00014},
DOI={10.3389/fninf.2014.00014},
ISSN={1662-5196},
}


@article{MNE,
title = "MNE software for processing MEG and EEG data",
journal = "NeuroImage",
volume = "86",
pages = "446 - 460",
year = "2014",
issn = "1053-8119",
doi = "https://doi.org/10.1016/j.neuroimage.2013.10.027",
url = "http://www.sciencedirect.com/science/article/pii/S1053811913010501",
author = "Alexandre Gramfort and Martin Luessi and Eric Larson and Denis A.
Engemann and Daniel Strohmeier and Christian Brodbeck and Lauri Parkkonen
and Matti S. Hämäläinen",
keywords = "Magnetoencephalography (MEG), Electroencephalography (EEG),
Software, Inverse problem, Time–frequency analysis, Connectivity,
Non-parametric statistics",
}


@article {spike_sorting,
 author = {Hilgen, Gerrit and Sorbaro, Martino and Pirmoradian, Sahar and
 Muthmann, Jens-Oliver and Kepiro, Ibolya E. and Ullo, Simona and Juarez
 Ramirez, Cesar and Puente Encinas, Albert and Maccione, Alessandro and
 Berdondini, Luca and Murino, Vittorio and Sona, Diego and Cella Zanacchi,
 Francesca and Sernagor, Evelyne and Hennig, Matthias H.},
 title = {Unsupervised spike sorting for large scale, high density
 multielectrode arrays},
 elocation-id = {048645},
 year = {2016},
 doi = {10.1101/048645},
 publisher = {Cold Spring Harbor Laboratory},
 URL = {https://www.biorxiv.org/content/early/2016/12/05/048645},
 eprint =
 {https://www.biorxiv.org/content/early/2016/12/05/048645.full.pdf},
 journal = {bioRxiv}
}

@article{RICHTER201929,
title = "Efficient learning from big data for cancer risk modeling: A case study with melanoma",
journal = "Computers in Biology and Medicine",
volume = "110",
pages = "29 - 39",
year = "2019",
issn = "0010-4825",
doi = "https://doi.org/10.1016/j.compbiomed.2019.04.039",
url = "http://www.sciencedirect.com/science/article/pii/S0010482519301477",
author = "Aaron N. Richter and Taghi M. Khoshgoftaar",
keywords = "Big data, Cloud computing, Machine learning, Electronic health records, Early detection of cancer",
}

@inproceedings{roles_of_ml_in_biomed_science,
  title={The roles of machine learning in biomedical science},
  author={Kording, Konrad Paul and Benjamin, A and Farhoodi, Roozbeh and Glaser, Joshua I},
  booktitle={Frontiers of Engineering: Reports on Leading-Edge Engineering from the 2017 Symposium},
  year={2018},
  organization={National Academies Press}
}


@inproceedings{XGB,
  title={Xgboost: A scalable tree boosting system},
  author={Chen, Tianqi and Guestrin, Carlos},
  booktitle={Proceedings of the 22nd acm sigkdd international conference on knowledge discovery and data mining},
  pages={785--794},
  year={2016},
  organization={ACM}
}


@inproceedings{LightGBM,
  title={Lightgbm: A highly efficient gradient boosting decision tree},
  author={Ke, Guolin and Meng, Qi and Finley, Thomas and Wang, Taifeng and Chen, Wei and Ma, Weidong and Ye, Qiwei and Liu, Tie-Yan},
  booktitle={Advances in Neural Information Processing Systems},
  pages={3146--3154},
  year={2017}
}

@article{MSMBuilder,
  title={MSMBuilder: statistical models for biomolecular dynamics},
  author={Harrigan, Matthew P and Sultan, Mohammad M and Hern{\'a}ndez, Carlos X and Husic, Brooke E and Eastman, Peter and Schwantes, Christian R and Beauchamp, Kyle A and McGibbon, Robert T and Pande, Vijay S},
  journal={Biophysical journal},
  volume={112},
  number={1},
  pages={10--15},
  year={2017},
  publisher={Elsevier}
}

@article{GALA,
  title={Graph-based active learning of agglomeration (GALA): a Python library to segment 2D and 3D neuroimages},
  author={Nunez-Iglesias, Juan and Kennedy, Ryan and Plaza, Stephen M and Chakraborty, Anirban and Katz, William T},
  journal={Frontiers in neuroinformatics},
  volume={8},
  pages={34},
  year={2014},
  publisher={Frontiers}
}

@article{TEES,
  title={TEES 2.2: biomedical event extraction for diverse corpora},
  author={Bj{\"o}rne, Jari and Salakoski, Tapio},
  journal={BMC bioinformatics},
  volume={16},
  number={16},
  pages={S4},
  year={2015},
  publisher={BioMed Central}
}

@article{herg,
  title={hERG me out},
  author={Czodrowski, Paul},
  journal={Journal of chemical information and modeling},
  volume={53},
  number={9},
  pages={2240--2251},
  year={2013},
  publisher={ACS Publications}
}


@article{wyrm,
  title={Wyrm: A brain-computer interface toolbox in python},
  author={Venthur, Bastian and D{\"a}hne, Sven and H{\"o}hne, Johannes and Heller, Hendrik and Blankertz, Benjamin},
  journal={Neuroinformatics},
  volume={13},
  number={4},
  pages={471--486},
  year={2015},
  publisher={Springer}
}

@article{MOABB,
  title={MOABB: trustworthy algorithm benchmarking for BCIs},
  author={Jayaram, Vinay and Barachant, Alexandre},
  journal={Journal of neural engineering},
  volume={15},
  number={6},
  pages={066011},
  year={2018},
  publisher={IOP Publishing}
}

@article{pyosirix,
  title={Rapid development of image analysis research tools: bridging the gap between researcher and clinician with pyOsiriX},
  author={Blackledge, Matthew D and Collins, David J and Koh, Dow-Mu and Leach, Martin O},
  journal={Computers in biology and medicine},
  volume={69},
  pages={203--212},
  year={2016},
  publisher={Elsevier}
}

@article{missing_values_consistency,
  title={On the consistency of supervised learning with missing values},
  author={Josse, Julie and Prost, Nicolas and Scornet, Erwan and Varoquaux, Ga{\"e}l},
  journal={arXiv preprint arXiv:1902.06931},
  year={2019}
}

@article{chen2019hiv,
  title={HIV-1 tropism prediction by the XGboost and HMM methods},
  author={Chen, Xiang and Wang, Zhi-Xin and Pan, Xian-Ming},
  journal={Scientific Reports},
  volume={9},
  number={1},
  pages={9997},
  year={2019},
  publisher={Nature Publishing Group}
}

@article{shah2019development,
  title={Development of a machine learning algorithm for prediction of failure of nonoperative management in spinal epidural abscess},
  author={Shah, Akash A and Karhade, Aditya V and Bono, Christopher M and Harris, Mitchel B and Nelson, Sandra B and Schwab, Joseph H},
  journal={The Spine Journal},
  year={2019},
  publisher={Elsevier}
}
